<record><leader>00000cas a22000007a 4500</leader><controlfield tag="001">23092486</controlfield><controlfield tag="008">910212d188u1901couwr ne      0    0eng d</controlfield><datafield ind1=" " ind2=" " tag="010"><subfield code="a">sn 91052028 </subfield></datafield><datafield ind1=" " ind2=" " tag="040"><subfield code="a">CNQ</subfield><subfield code="b">eng</subfield><subfield code="c">CNQ</subfield><subfield code="d">OCLCQ</subfield></datafield><datafield ind1=" " ind2=" " tag="042"><subfield code="a">msc</subfield></datafield><datafield ind1="0" ind2=" " tag="130"><subfield code="a">Weekly advertiser (Trinidad, Colo.)</subfield></datafield><datafield ind1="1" ind2="4" tag="245"><subfield code="a">The weekly advertiser.</subfield></datafield><datafield ind1="1" ind2="3" tag="246"><subfield code="a">Daily advertiser</subfield></datafield><datafield ind1=" " ind2=" " tag="260"><subfield code="a">Trinidad, Colo. :</subfield><subfield code="b">M. Beshoar</subfield></datafield><datafield ind1=" " ind2=" " tag="300"><subfield code="a">v.</subfield></datafield><datafield ind1=" " ind2=" " tag="310"><subfield code="a">Weekly</subfield></datafield><datafield ind1="1" ind2=" " tag="362"><subfield code="a">Ceased in 1901?</subfield></datafield><datafield ind1=" " ind2=" " tag="588"><subfield code="a">Description based on: Vol. 2, no. 7 (Feb. 4, 1884).</subfield></datafield><datafield ind1=" " ind2=" " tag="752"><subfield code="a">United States</subfield><subfield code="b">Colorado</subfield><subfield code="c">Las Animas</subfield><subfield code="d">Trinidad.</subfield></datafield><datafield ind1="0" ind2=" " tag="775"><subfield code="t">Daily advertiser (Trinidad, Colo. : 1886) 90051653</subfield></datafield><datafield ind1="0" ind2="0" tag="780"><subfield code="t">Cattlemen's advertiser</subfield><subfield code="w">(DLC)sn 90051913</subfield></datafield><datafield ind1="0" ind2="4" tag="785"><subfield code="t">Trinidad monitor</subfield><subfield code="w">(DLC)sn 91052090</subfield></datafield></record>